[gd_scene load_steps=12 format=3 uid="uid://bslvlx73i8vk7"]

[ext_resource type="Texture2D" uid="uid://c2lfopv2jxc1l" path="res://src/assets/kandinsky-download-1701585048636.png" id="1_qxcit"]
[ext_resource type="Texture2D" uid="uid://dgqe62kfq2v5g" path="res://src/assets/Masc_fon (1).png" id="2_gg0v0"]
[ext_resource type="Texture2D" uid="uid://bgxupqgbg6vh0" path="res://src/assets/LogoTehnokom7.cdr.png" id="3_7dl5w"]
[ext_resource type="Texture2D" uid="uid://dvigt5u85cd5h" path="res://src/assets/FutureButton.png" id="4_cfuit"]
[ext_resource type="Texture2D" uid="uid://bkvkl0n0clqlu" path="res://src/assets/text.png" id="5_w5yfu"]
[ext_resource type="Texture2D" uid="uid://dsv0fottf2ncg" path="res://src/assets/LogInButton.png" id="6_rmfis"]
[ext_resource type="Texture2D" uid="uid://i86e7h08x606" path="res://src/assets/LogoTehnokom6.cdr (2).png" id="7_ypnqq"]
[ext_resource type="Texture2D" uid="uid://w24bxin0h4av" path="res://src/assets/UNIVERSO.png" id="8_te8vu"]
[ext_resource type="Texture2D" uid="uid://vx3h50tmavuo" path="res://src/assets/TeknokomoButton.png" id="9_15nyd"]
[ext_resource type="Texture2D" uid="uid://ds3hnt0xwhbhv" path="res://src/assets/CyberGosplanButton.png" id="10_c8ymp"]
[ext_resource type="Texture2D" uid="uid://y2bbgc05icg2" path="res://src/assets/MetauniverceButton.png" id="11_lmbjb"]

[node name="MainContainer" type="Control"]
clip_contents = true
custom_minimum_size = Vector2(700, 520)
layout_mode = 3
anchors_preset = 15
anchor_right = 1.0
anchor_bottom = 1.0
grow_horizontal = 2
grow_vertical = 2
size_flags_horizontal = 4
size_flags_vertical = 4

[node name="BackContainer" type="CenterContainer" parent="."]
layout_mode = 1
anchors_preset = 15
anchor_right = 1.0
anchor_bottom = 1.0
offset_left = -560.0
offset_top = -150.0
offset_right = 600.0
offset_bottom = 154.0
grow_horizontal = 2
grow_vertical = 2

[node name="BackTexture" type="TextureRect" parent="BackContainer"]
layout_mode = 2
texture = ExtResource("1_qxcit")
stretch_mode = 2

[node name="MaskContainer" type="CenterContainer" parent="."]
layout_mode = 1
anchors_preset = 8
anchor_left = 0.5
anchor_top = 0.5
anchor_right = 0.5
anchor_bottom = 0.5
offset_left = -1607.0
offset_top = -940.0
offset_right = 21.0
offset_bottom = -5.0
grow_horizontal = 2
grow_vertical = 2
scale = Vector2(2, 2)

[node name="BackMask" type="TextureRect" parent="MaskContainer"]
layout_mode = 2
texture = ExtResource("2_gg0v0")
stretch_mode = 2

[node name="LogoContainer" type="GridContainer" parent="."]
layout_mode = 1
anchors_preset = 8
anchor_left = 0.5
anchor_top = 0.5
anchor_right = 0.5
anchor_bottom = 0.5
offset_left = -91.0
offset_top = -115.0
offset_right = 92.0
offset_bottom = 115.0
grow_horizontal = 2
grow_vertical = 2
theme_override_constants/v_separation = 20

[node name="LogoContainer" type="CenterContainer" parent="LogoContainer"]
layout_mode = 2

[node name="Logo" type="TextureRect" parent="LogoContainer/LogoContainer"]
layout_mode = 2
texture = ExtResource("3_7dl5w")
stretch_mode = 2

[node name="ButtonContainer" type="CenterContainer" parent="LogoContainer"]
layout_mode = 2

[node name="FutureButton" type="TextureRect" parent="LogoContainer/ButtonContainer"]
layout_mode = 2
texture = ExtResource("4_cfuit")
stretch_mode = 2

[node name="TextContainer" type="CenterContainer" parent="LogoContainer"]
layout_mode = 2

[node name="Text" type="TextureRect" parent="LogoContainer/TextContainer"]
layout_mode = 2
texture = ExtResource("5_w5yfu")

[node name="LogInContainer" type="MarginContainer" parent="."]
layout_mode = 1
anchors_preset = 1
anchor_left = 1.0
anchor_right = 1.0
offset_left = -145.0
offset_bottom = 36.0
grow_horizontal = 0

[node name="LogInButton" type="TextureRect" parent="LogInContainer"]
layout_mode = 2
texture = ExtResource("6_rmfis")
stretch_mode = 2

[node name="UniversoContainer" type="GridContainer" parent="."]
layout_mode = 1
offset_right = 139.0
offset_bottom = 37.0
columns = 2

[node name="Polygon" type="TextureRect" parent="UniversoContainer"]
layout_mode = 2
texture = ExtResource("7_ypnqq")
stretch_mode = 2

[node name="UniversoButton" type="TextureRect" parent="UniversoContainer"]
layout_mode = 2
texture = ExtResource("8_te8vu")

[node name="BottomContainer" type="GridContainer" parent="."]
layout_direction = 2
layout_mode = 1
anchors_preset = 7
anchor_left = 0.5
anchor_top = 1.0
anchor_right = 0.5
anchor_bottom = 1.0
offset_left = -273.0
offset_top = -54.0
offset_right = 273.0
grow_horizontal = 2
grow_vertical = 0
columns = 3

[node name="TeknokomoButton" type="TextureRect" parent="BottomContainer"]
layout_mode = 2
texture = ExtResource("9_15nyd")

[node name="CyberGosplanButton" type="TextureRect" parent="BottomContainer"]
layout_mode = 2
texture = ExtResource("10_c8ymp")

[node name="MetaUniverceButton" type="TextureRect" parent="BottomContainer"]
layout_mode = 2
texture = ExtResource("11_lmbjb")
